@inproceedings{FGK,
	Acmid = {3053781},
	Address = {Aachen, Germany, Germany},
	Author = {De Vries, Gerben Klaas Dirk and De Rooij, Steven},
	Booktitle = {Proceedings of the 2013 International Conference on Data Mining on Linked Data - Volume 1082},
	Date-Added = {2017-07-12 19:21:54 +0000},
	Date-Modified = {2017-07-12 19:21:54 +0000},
	Keywords = {graph kernels, intersection tree kernels, resource description framework (RDF)},
	Location = {Prague, Czech Republic},
	Numpages = {12},
	Pages = {23--34},
	Publisher = {CEUR-WS.org},
	Series = {DMoLD'13},
	Title = {A Fast and Simple Graph Kernel for RDF},
	Url = {http://dl.acm.org/citation.cfm?id=3053776.3053781},
	Year = {2013},
	Bdsk-Url-1 = {http://dl.acm.org/citation.cfm?id=3053776.3053781}}
